<?xml version="1.0" encoding="UTF-8"?><collection xmlns="http://www.loc.gov/MARC21/slim"><record><leader>00404nam--2200121-i-4500</leader><controlfield tag="001">000029929</controlfield><controlfield tag="002">20161230</controlfield><controlfield tag="005">20161230201038</controlfield><controlfield tag="008">060222s1000------------r-----000-0-eng-d</controlfield><datafield ind1=" " ind2=" " tag="100"><subfield code="a">Kurtz, Nicole</subfield></datafield><datafield ind1=" " ind2=" " tag="245"><subfield code="a">Calcul de la probabilite de formation de 3/1h et 3/2he dans les interactions de protons de 25 a 30 gev avec des cibles legeres</subfield></datafield><datafield ind1=" " ind2=" " tag="260"><subfield code="a">Strasbourg, Faculte Des Sciences, 1964. 61p</subfield></datafield><datafield ind1=" " ind2=" " tag="852"><subfield code="a">19658</subfield></datafield></record></collection>